<record><leader>00000cas a22000007a 4500</leader><controlfield tag="001">12851024</controlfield><controlfield tag="008">851126d18861909paudr ne      0    0eng d</controlfield><datafield ind1=" " ind2=" " tag="010"><subfield code="a">sn 86081821 </subfield></datafield><datafield ind1=" " ind2=" " tag="040"><subfield code="a">NPH</subfield><subfield code="b">eng</subfield><subfield code="c">NPH</subfield><subfield code="d">OCLCQ</subfield></datafield><datafield ind1=" " ind2=" " tag="042"><subfield code="a">msc</subfield></datafield><datafield ind1="0" ind2="0" tag="245"><subfield code="a">Carlisle daily herald.</subfield></datafield><datafield ind1="1" ind2="7" tag="246"><subfield code="a">Daily volunteer-herald</subfield></datafield><datafield ind1="3" ind2="0" tag="246"><subfield code="a">Carlisle herald</subfield></datafield><datafield ind1=" " ind2=" " tag="260"><subfield code="a">Carlisle, Pa. :</subfield><subfield code="b">Herald Print. &amp; Pub. Co.,</subfield><subfield code="c">1886-1909.</subfield></datafield><datafield ind1=" " ind2=" " tag="300"><subfield code="a">24 v.</subfield></datafield><datafield ind1=" " ind2=" " tag="310"><subfield code="a">Daily</subfield></datafield><datafield ind1="0" ind2=" " tag="362"><subfield code="a">Vol. 1, no. 1 (Sept. 20, 1886)-v. 24, no. 27 (Nov. 29, 1909).</subfield></datafield><datafield ind1=" " ind2=" " tag="580"><subfield code="a">Also published in weekly eds. called: Carlisle herald (Carlisle, Pa. : 1882), 1886-1891; Carlisle weekly herald, 1891-1909.</subfield></datafield><datafield ind1=" " ind2=" " tag="752"><subfield code="a">United States</subfield><subfield code="b">Pennsylvania</subfield><subfield code="c">Cumberland</subfield><subfield code="d">Carlisle.</subfield></datafield><datafield ind1="1" ind2=" " tag="775"><subfield code="t">Carlisle herald (Carlisle, Pa. : 1882)</subfield><subfield code="w">(DLC)sn 85038409</subfield></datafield><datafield ind1="1" ind2=" " tag="775"><subfield code="t">Carlisle weekly herald</subfield><subfield code="w">(DLC)sn 89077083</subfield></datafield><datafield ind1="0" ind2="0" tag="785"><subfield code="t">Carlisle evening herald</subfield><subfield code="w">(DLC)sn 86081822</subfield><subfield code="w">(OCoLC)12793863</subfield></datafield></record>